@book{Cormen:90, 
	author = {T.H. Cormen \and C.E. Leiserson \and R.R. Rivest}, 
	title = {Introduction to algorithms}, 
	publisher = {MIT Press and McGraw-Hill}, 
	year = {1990}, 
	note = {\href{http://www.cs.dartmouth.edu/~thc/CLRS3e/}{http://www.cs.dartmouth.edu/~thc/CLRS3e/}}
} 


@techreport{Shewchuk:94,
  author = {J.R. Shewchuk},
  title = {An Introduction to the Conjugate Gradient Method Without the Agonizing Pain},
  institution = {School of Computer Science, Carnegie Mellon University, Pittsburgh},
  year = {1994},
  note = {\href{http://www.cs.cmu.edu/~quake-papers/painless-conjugate-gradient.pdf}{http://www.cs.cmu.edu/~quake-papers/painless-conjugate-gradient.pdf}}
}

@book{golub:96,
	author = {Gene Golub and Charles van Loan},
	publisher = {The Johns Hopkins University Press},
	title = {Matrix Computations},
	year = 	{1996}
}

@ARTICLE{Davis04, 
author={T.A. Davis}, 
journal={ACM Transactions on Mathematical Software}, 
title={Algorithm 832: {UMFPACK}, an unsymmetric-pattern multifrontal method}, 
year={2004}, 
volume={30}, 
number={2}, 
pages={196-199}
}

@Inproceedings{ciuprina:atee11,
Author = {G. Ciuprina and D. Ioan},
Title = {Efficient Modeling of Homogenous Layers in High
Frequency Integrated Circuits},
Booktitle = {Proc. Int. Symposium on,
Advanced Topics in Electrical Engineering.},
Organization = {Bucharest,
Romania},
Pages = {1-6},
Year = {2011}
}